<?xml version="1.0" encoding="UTF-8"?>
<collection xmlns:xsi="http://www.w3.org/2001/XMLSchema-instance" xsi:schemaLocation="http://www.loc.gov/MARC21/slim http://www.loc.gov/standards/marcxml/schema/MARC21slim.xsd" xmlns="http://www.loc.gov/MARC21/slim">
<record>
  <leader>00741mam a2200241 a 4500</leader>
  <controlfield tag="001">3353896</controlfield>
  <controlfield tag="003">NNC</controlfield>
  <controlfield tag="005">20030429143635.0</controlfield>
  <controlfield tag="008">970805s1950    le a          000 0 ara  </controlfield>
  <datafield tag="010" ind1=" " ind2=" ">
    <subfield code="a">   97179998 </subfield>
  </datafield>
  <datafield tag="035" ind1=" " ind2=" ">
    <subfield code="a">(OCoLC)ocm37433263</subfield>
  </datafield>
  <datafield tag="035" ind1=" " ind2=" ">
    <subfield code="9">AVB1362CU</subfield>
  </datafield>
  <datafield tag="040" ind1=" " ind2=" ">
    <subfield code="a">DLC</subfield>
    <subfield code="c">DLC</subfield>
    <subfield code="d">OSU</subfield>
  </datafield>
  <datafield tag="043" ind1=" " ind2=" ">
    <subfield code="a">a-iq---</subfield>
  </datafield>
  <datafield tag="090" ind1=" " ind2=" ">
    <subfield code="a">DS79.5</subfield>
    <subfield code="b">.H3</subfield>
  </datafield>
  <datafield tag="100" ind1="1" ind2=" ">
    <subfield code="a">Ḥaddād, ʻUthmān Kamāl.</subfield>
  </datafield>
  <datafield tag="245" ind1="1" ind2="0">
    <subfield code="a">Ḥarakat Rashīd ʻĀlī Kīlānī sanat 1941 / ʻUthmān Kamāl Ḥaddād.</subfield>
  </datafield>
  <datafield tag="260" ind1=" " ind2=" ">
    <subfield code="a">Ṣaydā :</subfield>
    <subfield code="b">al-Maktabah al-ʻAṣrīyah,</subfield>
    <subfield code="c">[1950?]</subfield>
  </datafield>
  <datafield tag="300" ind1=" " ind2=" ">
    <subfield code="a">183 p. :</subfield>
    <subfield code="b">ill.;</subfield>
    <subfield code="c">20 cm.</subfield>
  </datafield>
  <datafield tag="600" ind1="1" ind2="0">
    <subfield code="a">Kīlānī, Rashīd ʻĀlī,</subfield>
    <subfield code="d">1893-1965.</subfield>
  </datafield>
  <datafield tag="651" ind1=" " ind2="0">
    <subfield code="a">Iraq</subfield>
    <subfield code="x">History.</subfield>
  </datafield>
  <datafield tag="651" ind1=" " ind2="0">
    <subfield code="a">Iraq</subfield>
    <subfield code="x">Politics and government.</subfield>
  </datafield>
  <datafield tag="955" ind1=" " ind2=" ">
    <subfield code="b">CU56813350</subfield>
    <subfield code="d">off,glx</subfield>
    <subfield code="e">956.7 H117</subfield>
  </datafield>
</record>
</collection>